@article{Gubbi2013,
    title = "Internet of Things (IoT): A vision, architectural elements, and future directions ",
    journal = "Future Generation Computer Systems ",
    volume = "29",
    number = "7",
    pages = "1645 - 1660",
    year = "2013",
    note = "Including Special sections: Cyber-enabled Distributed Computing for
        Ubiquitous Cloud and Network Services \&; Cloud Computing and Scientific Applications â€” Big Data, Scalable Analytics, and Beyond ",
    issn = "0167-739X",
    doi = "http://dx.doi.org/10.1016/j.future.2013.01.010",
    url = "//www.sciencedirect.com/science/article/pii/S0167739X13000241",
    author = "Jayavardhana Gubbi and Rajkumar Buyya and Slaven Marusic and Marimuthu Palaniswami",
    keywords = "Internet of Things",
    keywords = "Ubiquitous sensing",
    keywords = "Cloud computing",
    keywords = "Wireless sensor networks",
    keywords = "RFID",
    keywords = "Smart environments "
}

@inproceedings{Bui2011,
    author = {Bui, Nicola and Zorzi, Michele},
    title = {Health Care Applications: A Solution Based on the Internet of Things},
    booktitle = {Proceedings of the 4th International Symposium on Applied Sciences in Biomedical and Communication Technologies},
    series = {ISABEL '11},
    year = {2011},
    isbn = {978-1-4503-0913-4},
    location = {Barcelona, Spain},
    pages = {131:1--131:5},
    articleno = {131},
    numpages = {5},
    url = {http://doi.acm.org/10.1145/2093698.2093829},
    doi = {10.1145/2093698.2093829},
    acmid = {2093829},
    publisher = {ACM},
    address = {New York, NY, USA},
    keywords = {communication protocols, internet of things, remote assistance, system models},
} 

@article{Keshav2012,
    author = {Keshav and Cheriton},
    title = {How to Read a Paper},
    year = {2012},
}

@online{Oxford2016,
    title = {University of Oxford Homepage, Oxford students, Academic matters, Study guidance, Study skills and
        training, Plagiarism},
    urldate = {2016-12-09},
    url = {https://www.ox.ac.uk/students/academic/guidance/skills/plagiarism?wssl=1}
}

